@inproceedings{Aarzen99,
  title={A simple event-based PID controller},
  author={{\AA}rz{\'e}n, Karl-Erik},
  booktitle={14th IFAC world congress},
  year={1999}
}

@article{aloimonos1988active,
	title={Active vision},
	author={Aloimonos, John and Weiss, Isaac and Bandyopadhyay, Amit},
	journal={International journal of computer vision},
	volume={1},
	number={4},
	pages={333--356},
	year={1988},
	publisher={Springer}
}


@article{bajcsy1988active,
	title={Active perception},
	author={Bajcsy, Ruzena},
	journal={Proceedings of the IEEE},
	volume={76},
	number={8},
	pages={966--1005},
	year={1988},
	publisher={IEEE}
}

@incollection{yarbus1967eye,
	title={Eye movements during perception of complex objects},
	author={Yarbus, Alfred L},
	booktitle={Eye movements and vision},
	pages={171--211},
	year={1967},
	publisher={Springer}
}

@article{berthoz1996neural,
	title={Neural basis of decision in perception and in the control of movement},
	author={Berthoz, A},
	journal={Neurobiology of Decision-Making, Berlin: Springer-Verlag},
	pages={83--100},
	year={1996},
	publisher={Springer}
}


@article{robinson1968eye,
	title={Eye movement control in primates},
	author={Robinson, David A},
	journal={Science},
	volume={161},
	number={3847},
	pages={1219--1224},
	year={1968},
	publisher={JSTOR}
}


@INBOOK{Robinson1975,
	chapter = {Basic mechanisms of ocular motility and their clinical implications},
	pages = {337--374},
	title = {Oculomotor control signals},
	publisher = {Oxford, UK: Pergamon},
	year = {1975},
	editor = {G. Lennerstrand and P. Bach-y-Rita},
	author = {D.A. Robinson},
	owner = {Guillaume},
	timestamp = {2010.11.26}
}

@article{ballard1991animate,
	title={Animate vision},
	author={Ballard, Dana H},
	journal={Artificial intelligence},
	volume={48},
	number={1},
	pages={57--86},
	year={1991},
	publisher={Elsevier}
}

@inproceedings{viola2003fast,
	title={Fast multi-view face detection},
	author={Viola, M and Jones, Michael J and Viola, Paul},
	booktitle={Proc. of Computer Vision and Pattern Recognition},
	year={2003},
	organization={Citeseer}
}

@article{rao1999predictive,
	title={Predictive coding in the visual cortex: a functional interpretation of some extra-classical receptive-field effects.},
	author={Rao, Rajesh PN and Ballard, Dana H},
	journal={Nature neuroscience},
	volume={2},
	number={1},
	year={1999}
}


@article{Marchand13,
  title={A general formula for event-based stabilization of nonlinear systems},
  author={Marchand, Nicolas and Durand, Sylvain and Castellanos, Jose Fermi Guerrero},
  journal={IEEE Transactions on Automatic Control},
  volume={58},
  number={5},
  pages={1332--1337},
  year={2013},
  publisher={IEEE}
}

@article{Baird10,
  title={Minimum viewing angle for visually guided ground speed control in bumblebees},
  author={Baird, Emily and Kornfeldt, Torill and Dacke, Marie},
  journal={Journal of Experimental Biology},
  volume={213},
  number={10},
  pages={1625--1632},
  year={2010},
  publisher={The Company of Biologists Ltd}
}

@ARTICLE{Dau98A,
  author = {Dauc\'e, E. and Quoy, M. and Cessac, B. and Doyon, B. and Samuelides,
	M.},
  title = {Self-Organization and dynamics reduction in recurrent networks: stimulus
	presentation and learning},
  journal = {Neural Networks},
  year = {1998},
  volume = {11},
  pages = {521-533}
}

@ARTICLE{Dau01a,
  author = {Dauc\'e, E. and Moynot, O. and Pinaud, O. and Samuelides, M.},
  title = {Mean-Field theory and Synchronization in Random Recurrent Neural
	Networks},
  journal = {Neural Processing Letters},
  year = {2001},
  volume = {14},
  pages = {115-126}
}

@ARTICLE{Dau02,
  author = {Dauc\'e, E. and Quoy, M. and Doyon, B.},
  title = {Resonant spatiotemporal learning in large random recurrent networks},
  journal = {Biological Cybernetics},
  year = {2002},
  volume = {87},
  pages = {185-198}
}

@INPROCEEDINGS{Dau04b,
  author = {Dauc\'e, E.},
  title = {Hebbian reinforcement learning in a modular dynamic network},
  booktitle = {Proceedings of the Eighth International Conference on Simulation
	of Adaptive Behavior (SAB'04)},
  year = {2004},
  pages = {305-314}
}
@ARTICLE{henry07,
  author = {Fr\'ed\'eric Henry and Emmanuel Dauc\'e and H\'edi Soula},
  title = {Temporal Pattern identification using Spike-Timing Dependent Plasticity},
  journal = {Neurocomputing},
  year = {2007},
  volume = {70},
  pages = {2009-2016},
  issue = {10-12}
}

@INPROCEEDINGS{Dau14a,
  author = {Dauc\'e, E},
  title = {Toward STDP-based population action in large networks of spiking neurons},
  booktitle = {proceedings of the 22$^{\text{nd}}$ European Symposium on Artificial Neural Networks, Computational Intelligence and Machine Learning (ESANN 2014)},
  year = {2014},
  editor = {Verleysen, M.},
  pages = {29-34},
  publisher = {i6doc.com},
  date = {April, 23-25}, 
  address = {Bruges, Belgium}
}

@INPROCEEDINGS{Dau14b,
  author = {Dauc\'e, E and Thomas, E},
  title = {Evidence build-up facilitates on-line adaptivity in dynamic environments: example of the BCI P300-speller},
  booktitle = {proceedings of the 22$^{\text{nd}}$ European Symposium on Artificial Neural Networks, Computational Intelligence and Machine Learning (ESANN 2014)},
  year = {2014},
  editor = {Verleysen, M.},
  pages = {377-382},
  publisher = {i6doc.com},
  date = {April, 23-25}, 
  address = {Bruges, Belgium}
  }
  
  @inproceedings{Thomas2013,
  title={Optimizing P300-speller sequences by RIP-ping groups apart},
  author={Thomas, Eoin and Clerc, Maureen and Carpentier, Alexandra and Dauc{\'e}, Emmanuel and Devlaminck, Dieter and Munos, R{\'e}mi},
  booktitle={Neural Engineering (NER), 2013 6th International IEEE/EMBS Conference on},
  pages={1062--1065},
  year={2013},
  organization={IEEE}
}

@article{Golos2015,
  title={Multistability in Large Scale Models of Brain Activity},
  author={Golos, Mathieu and Jirsa, Viktor and Dauc{\'e}, Emmanuel},
  journal={PLoS Comput Biol},
  volume={11},
  number={12},
  pages={e1004644},
  year={2015},
  publisher={Public Library of Science}
}
@ARTICLE{Dau04,
  author = {Dauc\'e, E.},
  title = {Short Term Memory in Recurrent Networks of Spiking Neurons},
  journal = {Natural Computing},
  year = {2004},
  volume = {2},
  pages = {135-157},
  number = {3}
}

@InProceedings{morseICRA2011,
    author = {G. Echeverria and N. Lassabe and A. Degroote and S. Lemaignan},
    title = {Modular OpenRobots Simulation Engine: MORSE},
    booktitle = {Proceedings of the IEEE ICRA},
    year = {2011}
}

 

@manual{Blender,
      title  = "Blender",
      author = "",
      note   = "\url{https://www.blender.org/}",
      year   = "15 Nov. 2015: Blender release 2.76 under GNU GPLv2"
    }

 

@inproceedings{Brinkworth2007,
  title={Biomimetic motion detection},
  author={Brinkworth, Russell SA and Carroll, David CO},
  booktitle={Intelligent Sensors, Sensor Networks and Information, 2007. ISSNIP 2007. 3rd International Conference on},
  pages={137--142},
  year={2007},
  organization={IEEE}
}
@article{krauzlis2005,
  title={The control of voluntary eye movements: new perspectives},
  author={Krauzlis, Richard J},
  journal={The Neuroscientist},
  volume={11},
  number={2},
  pages={124--137},
  year={2005},
  publisher={SAGE Publications}
}


@article{doya2000,
  title={Complementary roles of basal ganglia and cerebellum in learning and motor control},
  author={Doya, Kenji},
  journal={Current opinion in neurobiology},
  volume={10},
  number={6},
  pages={732--739},
  year={2000},
  publisher={Elsevier}
}

@article{wolpert2011,
  title={Principles of sensorimotor learning},
  author={Wolpert, Daniel M and Diedrichsen, J{\"o}rn and Flanagan, J Randall},
  journal={Nature Reviews Neuroscience},
  volume={12},
  number={12},
  pages={739--751},
  year={2011},
  publisher={Nature Publishing Group}
}

@article{krakauer2011,
  title={Human sensorimotor learning: adaptation, skill, and beyond},
  author={Krakauer, John W and Mazzoni, Pietro},
  journal={Current opinion in neurobiology},
  volume={21},
  number={4},
  pages={636--644},
  year={2011},
  publisher={Elsevier}
}

@article{shmuelof2011,
  title={Are we ready for a natural history of motor learning?},
  author={Shmuelof, Lior and Krakauer, John W},
  journal={Neuron},
  volume={72},
  number={3},
  pages={469--476},
  year={2011},
  publisher={Elsevier}
}

@article{friston2012perceptions,
  title={Perceptions as hypotheses: saccades as experiments},
  author={Friston, Karl and Adams, Rick and Perrinet, Laurent and Breakspear, Michael},
  journal={Frontiers in psychology},
  volume={3},
  pages={151},
  year={2012},
  publisher={Frontiers}
}

@article{Kalman1960,
  title={A new approach to linear filtering and prediction problems},
  author={Kalman, Rudolph Emil},
  journal={Journal of Fluids Engineering},
  volume={82},
  number={1},
  pages={35--45},
  year={1960},
  publisher={American Society of Mechanical Engineers}
}

@article{Baum1966,
	title={Statistical inference for probabilistic functions of finite state Markov chains},
	author={Baum, Leonard E and Petrie, Ted},
	journal={The annals of mathematical statistics},
	pages={1554--1563},
	year={1966},
	publisher={JSTOR}
}
@article{friston1994statistical,
  title={Statistical parametric maps in functional imaging: a general linear approach},
  author={Friston, Karl J and Holmes, Andrew P and Worsley, Keith J and Poline, J-P and Frith, Chris D and Frackowiak, Richard SJ},
  journal={Human brain mapping},
  volume={2},
  number={4},
  pages={189--210},
  year={1994},
  publisher={Wiley Online Library}
}

@article{lai1985asymptotically,
	Author = {Lai, Tze Leung and Robbins, Herbert},
	Journal = {Advances in applied mathematics},
	Number = {1},
	Pages = {4--22},
	Publisher = {Elsevier},
	Title = {Asymptotically efficient adaptive allocation rules},
	Volume = {6},
	Year = {1985}}
	
	@article{leon2012motion,
  title={Motion clouds: model-based stimulus synthesis of natural-like random textures for the study of motion perception},
  author={Leon, Paula Sanz and Vanzetta, Ivo and Masson, Guillaume S and Perrinet, Laurent U},
  journal={Journal of neurophysiology},
  volume={107},
  number={11},
  pages={3217--3226},
  year={2012},
  publisher={Am Physiological Soc}
}

@article{itti2001computational,
  title={Computational modelling of visual attention},
  author={Itti, Laurent and Koch, Christof},
  journal={Nature reviews neuroscience},
  volume={2},
  number={3},
  pages={194--203},
  year={2001},
  publisher={Nature Publishing Group}
}
@article{itti2000saliency,
  title={A saliency-based search mechanism for overt and covert shifts of visual attention},
  author={Itti, Laurent and Koch, Christof},
  journal={Vision research},
  volume={40},
  number={10},
  pages={1489--1506},
  year={2000},
  publisher={Elsevier}
}

@inproceedings{itti2005bayesian,
  title={Bayesian surprise attracts human attention},
  author={Itti, Laurent and Baldi, Pierre F},
  booktitle={Advances in neural information processing systems},
  pages={547--554},
  year={2005}
}

@article{friston2016active,
  title={Active inference and learning},
  author={Friston, Karl and FitzGerald, Thomas and Rigoli, Francesco and Schwartenbeck, Philipp and O’Doherty, John and Pezzulo, Giovanni},
  journal={Neuroscience \& Biobehavioral Reviews},
  volume={68},
  pages={862--879},
  year={2016},
  publisher={Elsevier}
}

@inproceedings{schmidhuber1991curious,
  title={Curious model-building control systems},
  author={Schmidhuber, J{\"u}rgen},
  booktitle={Neural Networks, 1991. 1991 IEEE International Joint Conference on},
  pages={1458--1463},
  year={1991},
  organization={IEEE}
}

@article{dauce2011simple,
  title={Simple spatio-temporal transformation with sub-threshold integration in the saccadic system},
  author={Dauc{\'e}, Emmanuel and Mouraud, Anthony and Guillaume, Alain},
  journal={BMC Neuroscience},
  volume={12},
  number={1},
  pages={1},
  year={2011},
  publisher={BioMed Central}
}

@article{dauce2010computational,
  title={Computational neuroscience, from multiple levels to multi-level},
  author={Dauc{\'e}, Emmanuel and Perrinet, Laurent},
  journal={Journal of Physiology-Paris},
  volume={104},
  number={1},
  pages={1--4},
  year={2010},
  publisher={Elsevier}
}

@article{damasse2015anticipatory,
  title={Anticipatory smooth eye movements and reinforcement.},
  author={Damasse, Jean-Bernard and Madelain, Laurent and Perrinet, Laurent and Montagnini, Anna},
  journal={Journal of vision},
  volume={15},
  number={12},
  pages={1019--1019},
  year={2015}
}


@article{clerc1adaptive,
  title={Adaptive Methods in Machine Learning},
  author={Clerc, Maureen and Dauc{\'e}, Emmanuel and Mattout, J{\'e}r{\'e}mie},
  journal={Brain--Computer Interfaces 1: Foundations and Methods},
  pages={207--232},
  year = 2016,
  publisher={Wiley Online Library}
}

@article{deplancke2010influence,
  title={Influence of near threshold visual distractors on perceptual detection and reaching movements},
  author={Deplancke, Antoine and Madelain, Laurent and Chauvin, Alan and Cardoso-Leite, Pedro and Gorea, Andrei and Coello, Yann},
  journal={Journal of neurophysiology},
  volume={104},
  number={4},
  pages={2249--2256},
  year={2010},
  publisher={American Physiological Society}
}


@article{madelain2011modification,
  title={Modification of saccadic gain by reinforcement},
  author={Madelain, Laurent and Paeye, C{\'e}line and Wallman, Josh},
  journal={Journal of neurophysiology},
  volume={106},
  number={1},
  pages={219--232},
  year={2011},
  publisher={American Physiological Society}
}
@article{madelain2011operant,
  title={Operant control of human eye movements},
  author={Madelain, Laurent and Paeye, C{\'e}line and Darcheville, Jean-Claude},
  journal={Behavioural processes},
  volume={87},
  number={1},
  pages={142--148},
  year={2011},
  publisher={Elsevier}
}

@article{dauce2007learning,
  title={Learning and control with large dynamic neural networks},
  author={Dauc{\'e}, E},
  journal={The European Physical Journal Special Topics},
  volume={142},
  number={1},
  pages={123--161},
  year={2007},
  publisher={EDP Sciences}
}

@article{quoy2001learning,
  title={Learning and control with chaos: From biology to robotics},
  author={Quoy, Mathias and Banquet, Jean-Paul and Dauc{\'e}, Emmanuel},
  journal={Behavioral and Brain Sciences},
  volume={24},
  number={05},
  pages={824--825},
  year={2001},
  publisher={Cambridge Univ Press}
}

@inproceedings{quoy2000visual,
  title={Visual and motor learning using a chaotic recurrent neural network: application to the control of a mobile robot},
  author={Quoy, Mathias and Dauce, Emmanuel},
  booktitle={Proceedings of the ICSC Symposium on Neural Computation (NC’2000)},
  pages={577--582},
  year={2000}
}

@inproceedings{serres2016event,
  title={Event-based visual guidance inspired by honeybees in a 3D tapered tunnel},
  author={Serres, Julien and Raharijaona, T and Vanhoutte, E and Ruffier, F},
  booktitle={Second International Conference on Event-Based Control, Communication and Signal Processing EBCCSP 2016},
  year={2016}
}

@article{boisseau2016event,
  title={Event-switched control design with guaranteed performances},
  author={Boisseau, Bruno and Molina, John Jairo Martinez and Raharijaona, Thibaut and Durand, Sylvain and Marchand, Nicolas},
  journal={International Journal of Robust and Nonlinear Control},
  year={2016}
}

@inproceedings{raharijaona2011robust,
  title={Robust control for an off-centered quadrotor},
  author={Raharijaona, Thibaut and Bateman, Fran{\c{c}}ois},
  booktitle={Control \& Automation (MED), 2011 19th Mediterranean Conference on},
  pages={1253--1258},
  year={2011},
  organization={IEEE}
}

@article{masson2011behavioral,
  title={The behavioral receptive field underlying motion integration for primate tracking eye movements},
  author={Masson, Guillaume S and Perrinet, Laurent U},
  journal={Neuroscience \& Biobehavioral Reviews},
  year={2011},
  publisher={Elsevier}
}

@article{simoncini2012more,
  title={More is not always better: adaptive gain control explains dissociation between perception and action},
  author={Simoncini, Claudio and Perrinet, Laurent U and Montagnini, Anna and Mamassian, Pascal and Masson, Guillaume S},
  journal={Nature neuroscience},
  volume={15},
  number={11},
  pages={1596--1603},
  year={2012},
  publisher={Nature Publishing Group}
}

@article{friston2012perceptions,
  title={Perceptions as hypotheses: saccades as experiments},
  author={Friston, Karl and Adams, Rick and Perrinet, Laurent and Breakspear, Michael},
  journal={Frontiers in psychology},
  volume={3},
  pages={151},
  year={2012},
  publisher={Frontiers}
}

@article{alahyane2007oculomotor,
  title={Oculomotor plasticity: are mechanisms of adaptation for reactive and voluntary saccades separate?},
  author={Alahyane, Nadia and Salemme, Rom{\'e}o and Urquizar, Christian and Cotti, Julien and Guillaume, Alain and Vercher, Jean-Louis and P{\'e}lisson, Denis},
  journal={Brain research},
  volume={1135},
  pages={107--121},
  year={2007},
  publisher={Elsevier}
}

@incollection{pelisson2009eye,
  title={Eye-head coordination},
  author={Pelisson, Denis and Guillaume, Alain},
  booktitle={Encyclopedia of neuroscience},
  pages={1545--1548},
  year={2009},
  publisher={Springer Berlin Heidelberg}
}

@article{cotti2011hand,
  title={Hand--eye coordination relies on extra-retinal signals: Evidence from reactive saccade adaptation},
  author={Cotti, Julien and Vercher, Jean-Louis and Guillaume, Alain},
  journal={Behavioural brain research},
  volume={218},
  number={1},
  pages={248--252},
  year={2011},
  publisher={Elsevier}
}

@phdthesis{dauce2016apprentissage,
  title={Apprentissage et Contr{\^o}le dans les Architectures Neuronales},
  author={Dauc{\'e}, Emmanuel},
  year={2016},
  type = {Habilitation \`a Diriger des Recherches ({HDR})},
  school={Aix-Marseille Université}
}

@article{harris2006main,
  title={The main sequence of saccades optimizes speed-accuracy trade-off},
  author={Harris, Christopher M and Wolpert, Daniel M},
  journal={Biological cybernetics},
  volume={95},
  number={1},
  pages={21--29},
  year={2006},
  publisher={Springer}
}


@article{shadmehr2010error,
  title={Error correction, sensory prediction, and adaptation in motor control},
  author={Shadmehr, Reza and Smith, Maurice A and Krakauer, John W},
  journal={Annual review of neuroscience},
  volume={33},
  pages={89--108},
  year={2010},
  publisher={Annual Reviews}
}

@article{cotti2009adaptation,
  title={Adaptation of reactive and voluntary saccades: different patterns of adaptation revealed in the antisaccade task},
  author={Cotti, Julien and Panouilleres, Muriel and Munoz, Douglas P and Vercher, Jean-Louis and P{\'e}lisson, Denis and Guillaume, Alain},
  journal={The Journal of physiology},
  volume={587},
  number={1},
  pages={127--138},
  year={2009},
  publisher={Wiley Online Library}
}

@article{guillaume2012saccadic,
  title={Saccadic inhibition is accompanied by large and complex amplitude modulations when induced by visual backward masking},
  author={Guillaume, Alain},
  journal={Journal of vision},
  volume={12},
  number={6},
  pages={5--5},
  year={2012},
  publisher={The Association for Research in Vision and Ophthalmology}
}


@article{friston2010free,
	title={The free-energy principle: a unified brain theory?},
	author={Friston, Karl},
	journal={Nature Reviews Neuroscience},
	volume={11},
	number={2},
	pages={127--138},
	year={2010},
	publisher={Nature Publishing Group}
}

@inproceedings{hinton1994autoencoders,
	title={Autoencoders, minimum description length and Helmholtz free energy},
	author={Hinton, Geoffrey E and Zemel, Richard S},
	booktitle={Advances in neural information processing systems},
	pages={3--10},
	year={1994}
}

@book{sutton1998reinforcement,
	title={Reinforcement learning: An introduction},
	author={Sutton, Richard S and Barto, Andrew G},
	volume={1},
	number={1},
	year={1998},
	publisher={MIT press Cambridge}
}

@article{butko2010infomax,
	title={Infomax control of eye movements},
	author={Butko, Nicholas J and Movellan, Javier R},
	journal={IEEE Transactions on Autonomous Mental Development},
	volume={2},
	number={2},
	pages={91--107},
	year={2010},
	publisher={IEEE}
}
@article{kingma2013auto,
	title={Auto-encoding variational bayes},
	author={Kingma, Diederik P and Welling, Max},
	journal={arXiv preprint arXiv:1312.6114},
	year={2013}
}

@article{hinton2006fast,
	title={A fast learning algorithm for deep belief nets},
	author={Hinton, Geoffrey E and Osindero, Simon and Teh, Yee-Whye},
	journal={Neural computation},
	volume={18},
	number={7},
	pages={1527--1554},
	year={2006},
	publisher={MIT Press}
}
@article{friston2015active,
	title={Active inference and epistemic value},
	author={Friston, Karl and Rigoli, Francesco and Ognibene, Dimitri and Mathys, Christoph and Fitzgerald, Thomas and Pezzulo, Giovanni},
	journal={Cognitive neuroscience},
	volume={6},
	number={4},
	pages={187--214},
	year={2015},
	publisher={Taylor \& Francis}
}

@incollection{tishby2011information,
	title={Information theory of decisions and actions},
	author={Tishby, Naftali and Polani, Daniel},
	booktitle={Perception-action cycle},
	pages={601--636},
	year={2011},
	publisher={Springer}
}

@article{osterberg1935topography,
	title={Topography of the layer of the rods and cones in the human retima},
	author={Osterberg, GA},
	journal={Acta ophthalmol},
	volume={13},
	number={6},
	pages={1--102},
	year={1935}
}

@inproceedings{fraccaro2016sequential,
	title={Sequential neural models with stochastic layers},
	author={Fraccaro, Marco and S{\o}nderby, S{\o}ren Kaae and Paquet, Ulrich and Winther, Ole},
	booktitle={Advances in neural information processing systems},
	pages={2199--2207},
	year={2016}
}

@article{wald1945sequential,
	title={Sequential tests of statistical hypotheses},
	author={Wald, Abraham},
	journal={The annals of mathematical statistics},
	volume={16},
	number={2},
	pages={117--186},
	year={1945},
	publisher={JSTOR}
}

@incollection{berthoz1996neural,
	title={Neural basis of decision in perception and in the control of movement},
	author={Berthoz, A},
	booktitle={Neurobiology of decision-making},
	pages={83--100},
	year={1996},
	publisher={Springer}
}

@article{najemnik2005optimal,
	title={Optimal eye movement strategies in visual search},
	author={Najemnik, Jiri and Geisler, Wilson S},
	journal={Nature},
	volume={434},
	number={7031},
	pages={387--391},
	year={2005},
	publisher={Nature Publishing Group}
}



@inproceedings{ahmad2013active,
	title={Active Sensing as Bayes-Optimal Sequential Decision-Making},
	author={Ahmad, Sheeraz and Angela, J Yu},
	booktitle={Uncertainty in Artificial Intelligence},
	pages={12},
	year={2013},
	organization={Citeseer}
}

@article{potthast2016active,
	title={Active multi-view object recognition: A unifying view on online feature selection and view planning},
	author={Potthast, Christian and Breitenmoser, Andreas and Sha, Fei and Sukhatme, Gaurav S},
	journal={Robotics and Autonomous Systems},
	volume={84},
	pages={31--47},
	year={2016},
	publisher={Elsevier}
}

@inproceedings{kortum1996implementation,
	title={Implementation of a foveated image coding system for image bandwidth reduction.},
	author={Kortum, Philip and Geisler, Wilson S},
	booktitle={Human Vision and Electronic Imaging},
	volume={2657},
	pages={350--360},
	year={1996}
}

@article{wang2003foveation,
	title={Foveation scalable video coding with automatic fixation selection},
	author={Wang, Zhou and Lu, Ligang and Bovik, Alan C},
	journal={IEEE Transactions on Image Processing},
	volume={12},
	number={2},
	pages={243--254},
	year={2003},
	publisher={IEEE}
}

@article{guo2010novel,
	title={A novel multiresolution spatiotemporal saliency detection model and its applications in image and video compression},
	author={Guo, Chenlei and Zhang, Liming},
	journal={IEEE transactions on image processing},
	volume={19},
	number={1},
	pages={185--198},
	year={2010},
	publisher={IEEE}
}


@article{schmidhuber1991learning,
	title={Learning to generate artificial fovea trajectories for target detection},
	author={Schmidhuber, Juergen and Huber, Rudolf},
	journal={International Journal of Neural Systems},
	volume={2},
	number={01n02},
	pages={125--134},
	year={1991},
	publisher={World Scientific}
}


@article{chen2017eccentricity,
	title={Eccentricity Dependent Deep Neural Networks: Modeling Invariance in Human Vision},
	author={Chen, Francis X and Roig, Gemma and Isik, Leyla and Boix, Xavier and Poggio, Tomaso},
	year={2017}
}

@article{louizos2017bayesian,
	title={Bayesian Compression for Deep Learning},
	author={Louizos, Christos and Ullrich, Karen and Welling, Max},
	journal={arXiv preprint arXiv:1705.08665},
	year={2017}
}

@inproceedings{judd2009learning,
	title={Learning to predict where humans look},
	author={Judd, Tilke and Ehinger, Krista and Durand, Fr{\'e}do and Torralba, Antonio},
	booktitle={Computer Vision, 2009 IEEE 12th international conference on},
	pages={2106--2113},
	year={2009},
	organization={IEEE}
}

@article{najemnik2009simple,
	title={Simple summation rule for optimal fixation selection in visual search},
	author={Najemnik, Jiri and Geisler, Wilson S},
	journal={Vision research},
	volume={49},
	number={10},
	pages={1286--1294},
	year={2009},
	publisher={Elsevier}
}

@incollection{williams1992simple,
	title={Simple statistical gradient-following algorithms for connectionist reinforcement learning},
	author={Williams, Ronald J},
	booktitle={Reinforcement Learning},
	pages={5--32},
	year={1992},
	publisher={Springer}
}

@inproceedings{oudeyer2008can,
	title={How can we define intrinsic motivation?},
	author={Oudeyer, Pierre-Yves and Kaplan, Frederic},
	booktitle={Proceedings of the 8th International Conference on Epigenetic Robotics: Modeling Cognitive Development in Robotic Systems, Lund University Cognitive Studies, Lund: LUCS, Brighton},
	year={2008},
	organization={Lund University Cognitive Studies, Lund: LUCS, Brighton}
}


@article{mussa2004neural,
	title={Neural primitives for motion control},
	author={Mussa-Ivaldi, Ferdinando A and Solla, Sara A},
	journal={IEEE Journal of Oceanic Engineering},
	volume={29},
	number={3},
	pages={640--650},
	year={2004},
	publisher={IEEE}
}

@article{van2004role,
	title={The role of execution noise in movement variability},
	author={Van Beers, Robert J and Haggard, Patrick and Wolpert, Daniel M},
	journal={Journal of neurophysiology},
	volume={91},
	number={2},
	pages={1050--1063},
	year={2004},
	publisher={Am Physiological Soc}
}

@inproceedings{klyubin2005empowerment,
	title={Empowerment: A universal agent-centric measure of control},
	author={Klyubin, Alexander S and Polani, Daniel and Nehaniv, Chrystopher L},
	booktitle={Evolutionary Computation, 2005. The 2005 IEEE Congress on},
	volume={1},
	pages={128--135},
	year={2005},
	organization={IEEE}
}

@inproceedings{schmidhuber2007simple,
	title={Simple algorithmic principles of discovery, subjective beauty, selective attention, curiosity \& creativity},
	author={Schmidhuber, J{\"u}rgen},
	booktitle={International Conference on Discovery Science},
	pages={26--38},
	year={2007},
	organization={Springer}
}

@inproceedings{mohamed2015variational,
	title={Variational information maximisation for intrinsically motivated reinforcement learning},
	author={Mohamed, Shakir and Rezende, Danilo Jimenez},
	booktitle={Advances in neural information processing systems},
	pages={2125--2133},
	year={2015}
}

@inproceedings{houthooft2016vime,
	title={Vime: Variational information maximizing exploration},
	author={Houthooft, Rein and Chen, Xi and Duan, Yan and Schulman, John and De Turck, Filip and Abbeel, Pieter},
	booktitle={Advances in Neural Information Processing Systems},
	pages={1109--1117},
	year={2016}
}

@article{hinton2006reducing,
	title={Reducing the dimensionality of data with neural networks},
	author={Hinton, Geoffrey E and Salakhutdinov, Ruslan R},
	journal={science},
	volume={313},
	number={5786},
	pages={504--507},
	year={2006},
	publisher={American Association for the Advancement of Science}
}
